% ********** Bibliography **********

% ****************************************
% Your bibliography should be stored here
% ****************************************


% ********** End of bibliography **********
